75600000         237098783000106                    04598000000009682000NACIONAL PNEUS LTDA           SICOOB                                  21905202109402900011508500000                                                                     
75600011T01  043 2037098783000106          459800000704598000000009682000NACIONAL PNEUS LTDA                                                                                           000000001905202100000000                                 
7560001300001T 0604598000000009682000000000206101014     1523            18052021000000000015000756045980523                      092035278383000149L R MENEGUETTI FILHO                    00000000000000000000001600000000002                 
7560001300002U 060000000000000000000000000000000000000000000000000000000000000000000000150000000000000150000000000000000000000000000000001805202119052021    00000000000000000000000                       264995175600000000000000000000       
7560001300003T 0604598000000009682000000000222001014     1564            19052021000000000033800237012880564                      091000004170214102FABIO DA COSTA ALMEIDA                  00000000000000000000001600000000004                 
7560001300004U 060000000000000000000000000000000000000000000000000000000000000000000000338000000000000338000000000000000000000000000000001805202119052021    00000000000000000000000                       264975675600000000000000000000       
7560001300005T 0604598000000009682000000000435902016     1189-02         17052021000000000035000237012880                         091000042963346115PAULO ROBERTO DELPUDO                   00000000000000000000001600000000004                 
7560001300006U 060000000000000170000000000000000000000000000000000000000000000000000000350170000000000350170000000000000000000000000000001805202119052021    00000000000000000000000                       264987775600000000000000000000       
7560001300007T 1104598000000009682000000000092101014     1298            18052021000000000023300756045980298                      091000005160071148MATEUS PEREIRA DA PAZ                   00000000000000000000000000000000000                 
7560001300008U 110000000000000000000000000000000000000000000000000000000000000000000000000000000000000000000000000000000000000000000000001905202100000000    00000000000000000000000                              75600000000000000000000       
7560001300009T 2804598000000009682000000000083501014     1275            14032021000000000044650756045980275                      092038174141000101MARIA V. DO S. MARTINS & CIA LTDA       00000000000000000000009000000000004                 
7560001300010U 280000000000000000000000000000000000000000000000000000000000000000000000000000000000000000000000000000000000000000000000001705202100000000    00000000000000000000000                              75600000000000000000000       
7560001300011T 2804598000000009682000000000091401014     1297            18042021000000000023400756045980297                      091000005160071148MATEUS PEREIRA DA PAZ                   00000000000000000000009000000000004                 
7560001300012U 280000000000000000000000000000000000000000000000000000000000000000000000000000000000000000000000000000000000000000000000001705202100000000    00000000000000000000000                              75600000000000000000000       
7560001300013T 2304598000000009682000000000083501014     1275            14032021000000000044650756045980275                      092038174141000101MARIA V. DO S. MARTINS & CIA LTDA       00000000000000000000000000000000000                 
7560001300014U 230000000000000000000000000000000000000000000000000000000000000000000000000000000000000000000000000000000000000000000000001705202100000000    00000000000000000000000                              75600000000000000000000       
7560001300015T 2304598000000009682000000000091401014     1297            18042021000000000023400756045980297                      091000005160071148MATEUS PEREIRA DA PAZ                   00000000000000000000000000000000000                 
7560001300016U 230000000000000000000000000000000000000000000000000000000000000000000000000000000000000000000000000000000000000000000000001705202100000000    00000000000000000000000                              75600000000000000000000       
75600015         00001800000800000000000243200000000000000000000000000000000000000000000000000000000000000000000000                                                                                                                             
75699999         000001000020000000                                                                                                                                                                                                             
